@online{R2016,
  title = {{R: A Language and Environment for Statistical Computing}},
  author = {{R Core Team}},
  organization = {R Foundation for Statistical Computing},
  address = {Vienna, Austria},
  year = {2016},
  month = Feb,
  url = {https://cran.r-project.org/web/packages/available_packages_by_date.html}
}
@Manual{Hlavac2015,
    title = {stargazer: Well-Formatted Regression and Summary Statistics Tables},
    author = {Marek Hlavac},
    year = {2015},
    note = {R package version 5.2},
    organization = {Harvard University},
    address = {Cambridge, USA},
    url = {http://CRAN.R-project.org/package=stargazer},
  }
@book{Wilkinson2006,
  title={The Grammar of Graphics},
  author={Wilkinson, Leland},
  year={2006},
  publisher={Springer Science \& Business Media}
}
@article{Modigliani1958,
  title={The cost of capital, corporation finance and the theory of investment},
  author={Modigliani, Franco and Miller, Merton H},
  journal={The American economic review},
  volume={48},
  number={3},
  pages={261--297},
  year={1958},
  publisher={JSTOR}
}
@article{Johnson2000,
  title={Corporate governance in the Asian financial crisis},
  author={Johnson, Simon and Boone, Peter and Breach, Alasdair and Friedman, Eric},
  journal={Journal of financial Economics},
  volume={58},
  number={1},
  pages={141--186},
  year={2000},
  publisher={Elsevier}
}