@book{Brealey2012,
  title={Principles of corporate finance},
  author={Brealey, Richard A and Myers, Stewart C and Allen, Franklin and Mohanty, Pitabas},
  year={2012},
  publisher={Tata McGraw-Hill Education}
}

@article{Modigliani1958,
  title={The cost of capital, corporation finance and the theory of investment},
  author={Modigliani, Franco and Miller, Merton H},
  journal={The American economic review},
  volume={48},
  number={3},
  pages={261--297},
  year={1958},
  publisher={JSTOR}
}