@online{R2016,
  title = {{R: A Language and Environment for Statistical Computing}},
  author = {{R Core Team}},
  organization = {R Foundation for Statistical Computing},
  address = {Vienna, Austria},
  year = {2016},
  month = Feb,
  url = {https://cran.r-project.org/web/packages/available_packages_by_date.html}
}
@Article{Leifeld2013,
    title = {{texreg}: Conversion of Statistical Model Output in {R} to {\LaTeX} and {HTML} Tables},
    author = {Philip Leifeld},
    journal = {Journal of Statistical Software},
    year = {2013},
    volume = {55},
    number = {8},
    pages = {1--24},
    url = {http://www.jstatsoft.org/v55/i08/},
  }
@book{Wilkinson2006,
  title={The Grammar of Graphics},
  author={Wilkinson, Leland},
  year={2006},
  publisher={Springer Science \& Business Media}
}
@article{Modigliani1958,
  title={The cost of capital, corporation finance and the theory of investment},
  author={Modigliani, Franco and Miller, Merton H},
  journal={The American economic review},
  volume={48},
  number={3},
  pages={261--297},
  year={1958},
  publisher={JSTOR}
}
@article{Johnson2000,
  title={Corporate governance in the Asian financial crisis},
  author={Johnson, Simon and Boone, Peter and Breach, Alasdair and Friedman, Eric},
  journal={Journal of financial Economics},
  volume={58},
  number={1},
  pages={141--186},
  year={2000},
  publisher={Elsevier}
}